@online{OMG2017,
    author = {OMG},
    title = {Unified Modeling Language (OMG UML) Version 2.5.1},
    year = {2017},
    month = {December},
    url = {https://www.omg.org/spec/UML/}
}